@article{Laprie2004,
author = {Avizienis, Algirdas and Laprie, Jean-Claude and Randell, Brian and Landwehr, Carl},
journal = {IEEE Transactions on Dependable and Secure Computing},
title = {{Basic Concepts and Taxonomy of Dependable and Secure Computing}},
year = {2004}
}

@inproceedings{Agrou2011,
author = {Agrou, Hicham and Sainrat, Pascal and Gatti, Marc and Faura, David and Toillon, Patrice},
booktitle = {Digital Avionics Systems Conference (DASC)},
title = {{A Design Approach for Predictable and Efficient Multi-Core Processor for Avionics}},
year = {2011}
}

@misc{Grisenthwaite2012,
author = {Grisenthwaite, Richard Roy and Jebson, Anthony and Rose, Andrew Christopher and Evans, Matthew Lucien},
institution = {ARM},
title = {{Communication of Message Signalled Interrupts (US20140122760)}},
url = {http://www.google.com/patents/US20140122760},
year = {2012}
}

@misc{ARINC2005,
author = {ARINC},
title = {{ARINC Specification 664P7 - Aircraft Data Network Part 7 Avionics Full Duplex Switched Ethernet (AFDX) Network}},
year = {2005}
}

@book{Kopetz2011,
address = {New York},
author = {Kopetz, Hermann},
publisher = {Springer},
title = {{Real Time Systems}},
year = {2011}
}

@misc{Freescale2015,
author = {Freescale},
title = {{QorIQ LS2045A and LS2085A Communications Processors (Rev. 2)}},
year = {2015}
}

@techreport{Aswadhati2011,
author = {Aswadhati, Ajoy},
institution = {PCI-SIG},
title = {{Scaling Data Center Interconnects with PCI Express}},
url = {http://www.pcisig.com/developers/main/training\_materials/get\_document?doc\_id=415a477bf2725a554d7903f9d8d499daa3e8e4bb},
year = {2011}
}

@ONLINE{Xil2010,
author={Xilinx},
title={{System Generator works very slow. Why?}},
year = {2010},
note= {online verf√ºgbar unter
\url{http://forums.xilinx.com/t5/DSP-Tools/System-Generator-works-very-slow-Why/td-p/21140/page/2};
zuletzt besucht am 20. September 2011.}

@ONLINE{Kern2017,
author = {Carsten Kern},
title = {\texttt{http://www.MathComm.net}},
url = {http://www.mathcomm.net},
note = {Unterst\"utzung von Studierenden in Mathematik}
}

